@inproceedings{C-COT,
  title={Beyond Correlation Filters: Learning Continuous Convolution Operators for Visual Tracking},
  author={Martin Danelljan and Andreas Robinson and Fahad Shahbaz Khan and Michael Felsberg},
  booktitle = {European Conference on Computer Vision, {ECCV}},
  pages={472--488},
  year={2016},
}

@inproceedings{SiamFC,
  author    = {Luca Bertinetto and Jack Valmadre and Jo{\~{a}}o F. Henriques and Andrea Vedaldi and Philip H. S. Torr},
  title     = {Fully-Convolutional Siamese Networks for Object Tracking},
  booktitle = {European Conference on Computer Vision, {ECCV}},
  pages     = {850--865},
  year      = {2016}
}

@inproceedings{SiamRPN,
  author    = {Bo Li and Junjie Yan and Wei Wu and Zheng Zhu and Xiaolin Hu},
  title     = {High Performance Visual Tracking With Siamese Region Proposal Network},
  booktitle = {{IEEE} Conference on Computer Vision and Pattern Recognition, {CVPR}},
  pages     = {8971--8980},
  year      = {2018}
}

@inproceedings{SiamMask,
  author    = {Qiang Wang and Li Zhang and Luca Bertinetto and Weiming Hu and Philip H. S. Torr},
  title     = {Fast Online Object Tracking and Segmentation: {A} Unifying Approach},
  booktitle = {{IEEE} Conference on Computer Vision and Pattern Recognition, {CVPR}},
  pages     = {1328--1338},
  year      = {2019}
}
  
@phdthesis{卢莉萍,
author={卢莉萍},
title={目标跟踪算法与检测处理技术研究},
school={南京理工大学},
year={2012},
type={博士论文},
ADDRESS={南京},
}

@techreport{白皮书2018,
author = {中国电子技术标准化研究院},
title = {人工智能标准化白皮书（2018 版）},
institution = {中国电子技术标准化研究院},
year = {2018}
}